@inproceedings{bamman2014bayesian,
  title={A Bayesian Mixed Effects Model of Literary Character.},
  author={Bamman, David and Underwood, Ted and Smith, Noah A},
  booktitle={ACL (1)},
  pages={370--379},
  year={2014}
}

@inproceedings{flekova2015personality,
  title={Personality profiling of fictional characters using sense-level links between lexical resources},
  author={Flekova, Lucie and Gurevych, Iryna},
  booktitle={Proceedings of Empirical Methods in Natural Language Processing},
  year={2015}
}

@article{kokkinakis2011character,
  title={Character profiling in 19th century fiction},
  author={Kokkinakis, Dimitrios and Malm, Mats},
  journal={Language Technologies for Digital Humanities and Cultural Heritage},
  pages={70},
  year={2011}
}

@inproceedings{valls2014toward,
  title={Toward automatic character identification in unannotated narrative text},
  author={Valls-Vargas, Josep and Ontan{\'o}n, Santiago and Zhu, Jichen},
  booktitle={Seventh Intelligent Narrative Technologies Workshop},
  year={2014}
}

@inproceedings{chambers2013event,
  title={Event Schema Induction with a Probabilistic Entity-Driven Model.},
  author={Chambers, Nathanael},
  booktitle={EMNLP},
  volume={13},
  pages={1797--1807},
  year={2013}
}

@article{cheung2013probabilistic,
  title={Probabilistic frame induction},
  author={Cheung, Jackie Chi Kit and Poon, Hoifung and Vanderwende, Lucy},
  journal={arXiv preprint arXiv:1302.4813},
  year={2013}
}

@phdthesis{schafer2007integrating,
  title={Integrating deep and shallow natural language processing components: representations and hybrid architectures},
  author={Sch{\"a}fer, Ulrich},
  year={2007},
  school={Universit{\"a}tsbibliothek}
}

@inproceedings{elson2010extracting,
  title={Extracting social networks from literary fiction},
  author={Elson, David K and Dames, Nicholas and McKeown, Kathleen R},
  booktitle={Proceedings of the 48th annual meeting of the association for computational linguistics},
  pages={138--147},
  year={2010},
  organization={Association for Computational Linguistics}
}

@inproceedings{groza2015information,
  title={Information retrieval in falktales using natural language processing},
  author={Groza, Adrian and Corde, Lidia},
  booktitle={Intelligent Computer Communication and Processing (ICCP), 2015 IEEE International Conference on},
  pages={59--66},
  year={2015},
  organization={IEEE}
}

@inproceedings{rochat2015character,
  title={Character network analysis of Emile Zolaâ€™s Les Rougon-Macquart},
  author={Rochat, Yannick},
  booktitle={Digital Humanities 2015},
  number={EPFL-CONF-210573},
  year={2015}
}

@article{mccrae1992introduction,
  title={An introduction to the five-factor model and its applications},
  author={McCrae, Robert R and John, Oliver P},
  journal={Journal of personality},
  volume={60},
  number={2},
  pages={175--215},
  year={1992},
  publisher={Wiley Online Library}
}

@inproceedings{schmid2013probabilistic,
  title={Probabilistic part-ofispeech tagging using decision trees},
  author={Schmid, Helmut},
  booktitle={New methods in language processing},
  pages={154},
  year={2013},
  organization={Routledge}
}

@article{baroni2009wacky,
  title={The WaCky wide web: a collection of very large linguistically processed web-crawled corpora},
  author={Baroni, Marco and Bernardini, Silvia and Ferraresi, Adriano and Zanchetta, Eros},
  journal={Language resources and evaluation},
  volume={43},
  number={3},
  pages={209--226},
  year={2009},
  publisher={Springer}
}

@inproceedings{mikolov2013distributed,
  title={Distributed representations of words and phrases and their compositionality},
  author={Mikolov, Tomas and Sutskever, Ilya and Chen, Kai and Corrado, Greg S and Dean, Jeff},
  booktitle={Advances in neural information processing systems},
  pages={3111--3119},
  year={2013}
}

@article{mikolov2013efficient,
  title={Efficient estimation of word representations in vector space},
  author={Mikolov, Tomas and Chen, Kai and Corrado, Greg and Dean, Jeffrey},
  journal={arXiv preprint arXiv:1301.3781},
  year={2013}
}

@misc{perkins2010textclass,
	title={Text classification for sentiment analysis - Naive Bayes classifier},
    author={Perkins, Jacob},
    year={2010},
    howpublished ={\href{http://streamhacker.com/2010/05/10/text-classification-sentiment-analysis-naive-bayes-classifier/}{StreamHacker}},
    note = {Accessed: 2016-12-01}
}

@article{blei2003latent,
  title={Latent dirichlet allocation},
  author={Blei, David M and Ng, Andrew Y and Jordan, Michael I},
  journal={Journal of machine Learning research},
  volume={3},
  number={Jan},
  pages={993--1022},
  year={2003}
}